@book{bart,
    author    = "Bart J. Van Zeghbroeck",
    title     = "Principles of semiconductor devices",
    year      = "2011",
}

@manual{atlas,
    author    = "SILVACO",
    title     = "Atlas User Manual",
    url       = "http://www.silvaco.com"
}

